@phdthesis{Canales:2021,
  author      = {David Canales Garcia},
  title       = {Transfer Design Methodology between Neighborhoods of Planetary Moons in the Circular Restricted Three-Body Problem},
  type        = {Ph.D. Dissertation},
  institution = {Purdue University},
  location    = {West Lafayette, IN, USA},
  year        = {2021}
}

@article{Howell:1984_HaloOrbits,
  author      = {Kathleen C. Howell},
  title       = {Three-dimensional, periodic, `halo' orbits},
  journal     = {Celestial Mechanics},
  year        = {1984},
  volume      = {32},
  number      = {1},
  pages       = {53--71},
  doi         = "10.1007/BF01358403"
}

@misc{Semenov:2023,
  author      = {Boris Semenov},
  title       = {SPICE: An Observation Geometry System for Space Science Missions},
  year        = {2023},
  url         = {https://naif.jpl.nasa.gov/naif/}
}

@book{Vallado:2013,
  author      = {David A. Vallado},
  title       = {Fundamentals of Astrodynamics and Applications},
  publisher   = {Microcosm Press},
  location    = {Hawthorne, CA, USA},
  edition     = {Fourth Edition},
  year        = {2013}
}
